
@article{hicks2019,
	title = {Harnessing global fisheries to tackle micronutrient deficiencies},
	author = {Hicks, Christina C. and Cohen, Philippa J. and Graham, Nicholas A. J. and Nash, Kirsty L. and Allison, Edward H. and {D{\textquoteright}Lima}, Coralie and Mills, David J. and Roscher, Matthew and Thilsted, Shakuntala H. and Thorne-Lyman, Andrew L. and MacNeil, M. Aaron},
	year = {2019},
	month = {09},
	date = {2019-09-25},
	journal = {Nature},
	pages = {95--98},
	volume = {574},
	number = {7776},
	doi = {10.1038/s41586-019-1592-6},
	url = {http://dx.doi.org/10.1038/s41586-019-1592-6},
	langid = {en}
}


@article{Trumbo2002,
	title = {Dietary Reference Intakes for Energy, Carbohydrate, Fiber, Fat, Fatty Acids, Cholesterol, Protein and Amino Acids},
	author = {Trumbo, Paula and Schlicker, Sandra and Yates, Allison A. and Poos, Mary},
	year = {2002},
	month = {11},
	date = {2002-11},
	journal = {Journal of the American Dietetic Association},
	pages = {1621--1630},
	volume = {102},
	number = {11},
	doi = {10.1016/s0002-8223(02)90346-9},
	url = {http://dx.doi.org/10.1016/s0002-8223(02)90346-9},
	langid = {en}
}


@article{tilley2020information,
  title={Information and communication technologies for small-scale fisheries (ICT4SSF)-A handbook for fisheries stakeholders},
  author={Tilley, A and Roscher, MB},
  year={2020},
  publisher={FAO and WorldFish}
}


@article{tilley2020peskaas,
  title={PeskAAS: A near-real-time, open-source monitoring and analytics system for small-scale fisheries},
  author={Tilley, Alexander and Dos Reis Lopes, Joctan and Wilkinson, Shaun P},
  journal={PloS one},
  volume={15},
  number={11},
  pages={e0234760},
  year={2020},
  publisher={Public Library of Science San Francisco, CA USA}
}


@article{tilley2019nearshore,
  title={Nearshore fish aggregating devices show positive outcomes for sustainable fisheries development in Timor-Leste},
  author={Tilley, Alexander and Wilkinson, Shaun P and Kolding, Jeppe and L{\'o}pez-Angarita, Juliana and Pereira, Mario and Mills, David J},
  journal={Frontiers in Marine Science},
  volume={6},
  pages={487},
  year={2019},
  publisher={Frontiers}
}
